<?xml version="1.0" encoding="UTF-8"?><collection xmlns="http://www.loc.gov/MARC21/slim"><record><leader>00530nam--2200181-i-4500</leader><controlfield tag="001">000031102</controlfield><controlfield tag="002">20161230</controlfield><controlfield tag="005">20161230201038</controlfield><controlfield tag="008">060222s1000------------r-----000-0-eng-d</controlfield><datafield ind1=" " ind2=" " tag="020"><subfield code="a">0198512678</subfield></datafield><datafield ind1=" " ind2=" " tag="080"><subfield code="a">539.12:539.12.162.8</subfield></datafield><datafield ind1="1" ind2=" " tag="100"><subfield code="a">Lindenbaum, S.J</subfield></datafield><datafield ind1="1" ind2="0" tag="245"><subfield code="a">Particle-interaction physics at high energies</subfield><subfield code="c">S.j. lindenbaum</subfield></datafield><datafield ind1=" " ind2=" " tag="260"><subfield code="a">Oxford</subfield><subfield code="b">Clarendon Press</subfield><subfield code="c">1973</subfield></datafield><datafield ind1=" " ind2=" " tag="300"><subfield code="a">XIII+512P</subfield></datafield><datafield ind1=" " ind2=" " tag="490"><subfield code="a">The International Series Of Monographs On Physics</subfield></datafield><datafield ind1=" " ind2=" " tag="852"><subfield code="a">42052</subfield><subfield code="c">539.131</subfield></datafield><datafield ind1=" " ind2=" " tag="CAT"><subfield code="a">Sys</subfield><subfield code="c">20120305</subfield><subfield code="h">090319</subfield></datafield></record></collection>